<record><leader>00000cas a2200000 a 4500</leader><controlfield tag="001">12495757</controlfield><controlfield tag="008">850906d19852005vtumr ne      0   a0eng d</controlfield><datafield ind1=" " ind2=" " tag="010"><subfield code="a">sn 86010104 </subfield></datafield><datafield ind1=" " ind2=" " tag="040"><subfield code="a">VTU</subfield><subfield code="b">eng</subfield><subfield code="c">VTU</subfield><subfield code="d">NSD</subfield><subfield code="d">NVN</subfield><subfield code="d">OCL</subfield><subfield code="d">OCLCQ</subfield><subfield code="d">NVN</subfield><subfield code="d">OCLCQ</subfield><subfield code="d">OCLCF</subfield><subfield code="d">OCLCO</subfield></datafield><datafield ind1=" " ind2=" " tag="012"><subfield code="m">1</subfield></datafield><datafield ind1="1" ind2=" " tag="022"><subfield code="a">0889-2598</subfield><subfield code="l">0889-2598</subfield><subfield code="2">1</subfield></datafield><datafield ind1="1" ind2=" " tag="029"><subfield code="a">AU@</subfield><subfield code="b">000004692297</subfield></datafield><datafield ind1=" " ind2=" " tag="032"><subfield code="a">767350</subfield><subfield code="b">USPS</subfield></datafield><datafield ind1=" " ind2=" " tag="042"><subfield code="a">nsdp</subfield></datafield><datafield ind1=" " ind2=" " tag="043"><subfield code="a">n-us-vt</subfield></datafield><datafield ind1=" " ind2=" " tag="090"><subfield code="a">F59.V48</subfield><subfield code="b">V47</subfield></datafield><datafield ind1="0" ind2=" " tag="130"><subfield code="a">Behind the times (Vershire, Vt.)</subfield></datafield><datafield ind1=" " ind2="0" tag="222"><subfield code="a">Behind the times</subfield></datafield><datafield ind1="1" ind2="0" tag="245"><subfield code="a">Behind the times.</subfield></datafield><datafield ind1=" " ind2=" " tag="260"><subfield code="a">Vershire, Vt. :</subfield><subfield code="b">Behind the Times</subfield></datafield><datafield ind1=" " ind2=" " tag="300"><subfield code="a">22 v. :</subfield><subfield code="b">ill. ;</subfield><subfield code="c">43 cm.</subfield></datafield><datafield ind1=" " ind2=" " tag="310"><subfield code="a">Monthly</subfield></datafield><datafield ind1="0" ind2=" " tag="362"><subfield code="a">Vol. 2, no. 5 (July 1985)-v. 22, no. 9 (Sept. 2005).</subfield></datafield><datafield ind1=" " ind2=" " tag="500"><subfield code="a">Published in Bradford, Vt., Nov. 1985-2005.</subfield></datafield><datafield ind1=" " ind2=" " tag="588"><subfield code="a">Latest issue consulted: Vol. 2, no. 11 (Jan. 1986).</subfield></datafield><datafield ind1=" " ind2="0" tag="651"><subfield code="a">Bradford (Vt.)</subfield><subfield code="v">Newspapers.</subfield></datafield><datafield ind1=" " ind2="0" tag="651"><subfield code="a">Vermont</subfield><subfield code="v">Newspapers.</subfield></datafield><datafield ind1=" " ind2="4" tag="651"><subfield code="a">Vershire (Vt.)</subfield><subfield code="v">Newspapers.</subfield></datafield><datafield ind1=" " ind2="7" tag="655"><subfield code="a">Newspapers.</subfield><subfield code="2">fast</subfield><subfield code="0">(OCoLC)fst01423814</subfield></datafield><datafield ind1=" " ind2="7" tag="651"><subfield code="a">Vermont.</subfield><subfield code="2">fast</subfield><subfield code="0">(OCoLC)fst01204305</subfield></datafield><datafield ind1=" " ind2="7" tag="651"><subfield code="a">Vermont</subfield><subfield code="z">Bradford.</subfield><subfield code="2">fast</subfield><subfield code="0">(OCoLC)fst01238062</subfield></datafield><datafield ind1=" " ind2=" " tag="752"><subfield code="a">United States</subfield><subfield code="b">Vermont</subfield><subfield code="c">Orange</subfield><subfield code="d">Vershire.</subfield></datafield><datafield ind1=" " ind2=" " tag="752"><subfield code="a">United States</subfield><subfield code="b">Vermont</subfield><subfield code="c">Orange</subfield><subfield code="d">Bradford.</subfield></datafield><datafield ind1="0" ind2="0" tag="780"><subfield code="t">Vershire behind the times</subfield><subfield code="w">(DLC)sn 98060034</subfield><subfield code="w">(OCoLC)38860939</subfield></datafield></record>